@book{christer,
	author = {Christer Ericson},
	year = {2005},
	title = {Real-Time Collision Detection},
	note={\url{http://realtimecollisiondetection.net/}}
}

@book{ian,
	author = {Ian Millington},
	year = {2007},
	title = {Game Physics Engine Development},
	note={\url{http://procyclone.com/}}
}

@book{david,
	author = {David H. Eberly},
	year = {2010},
	title = {Game Physics (Second Edition)},
	note={\url{http://www.elsevier.com/books/game-physics/eberly/978-0-12-374903-1}}
}

@book{frank,
	author = {Frank D. Luna},
	year = {2012},
	title = {Introduction to 3D Game Programming with Directx 11},
	note={\url{http://www.merclearning.com/titles/Introduction_to_3D_Game_Programming_with_DirectX11.html}}
}

@misc{diehard,
	author = {},
	year = {},
	note={\url{https://en.wikipedia.org/wiki/Diehard_tests}}
}

@misc{mersennePrime,
	author = {},
	year = {},
	note={\url{https://en.wikipedia.org/wiki/Mersenne_prime}}
}

@misc{monteCarlo,
	author = {},
	year = {},
	note={\url{https://en.wikipedia.org/wiki/Monte_Carlo_method}}
}

@book{gpugems2,
	author = {Matt Pharr, Randima Fernando},
	year = {2005},
	title = {GPU Gems 2},
	note={\url{http://http.developer.nvidia.com/GPUGems2/gpugems2_chapter26.html}}
}

@article{twoSourceRandomNumGenerator,
	author 	= {Eshan Chattopadhyay, David Zuckerman},
	year 	= {2016},
	title 	= {Explicit Two-Source Extractors and Resilient Functions},
	journal = {The Electronic Colloquium on Computational Complexity},
	note	={\url{http://eccc.hpi-web.de/report/2015/119/}}
}

@article{giraffe,
	author 	= {Matthew Lai},
	year 	= {2015},
	title 	= {Using Deep Reinforcement Learning to Play Chess},
	note	={\url{https://chessprogramming.wikispaces.com/Giraffe}}
}



@misc{dpchess,
	author 	= {Erik Bernhardsson},
	year 	= {2014},
	title 	= {Deep learning forâ€¦ chess},
	note	={\url{https://erikbern.com/2014/11/29/deep-learning-for-chess}}
}
